<record><leader>00000cas a22000007a 4500</leader><controlfield tag="001">32282377</controlfield><controlfield tag="008">950410u19uuuuuunyuuu ne      0    0eng d</controlfield><datafield ind1=" " ind2=" " tag="010"><subfield code="a">sn 95071149 </subfield></datafield><datafield ind1=" " ind2=" " tag="040"><subfield code="a">NYS</subfield><subfield code="b">eng</subfield><subfield code="c">NYS</subfield><subfield code="d">OCLCQ</subfield></datafield><datafield ind1=" " ind2=" " tag="042"><subfield code="a">msc</subfield></datafield><datafield ind1="0" ind2="0" tag="245"><subfield code="a">Kensington-topics.</subfield></datafield><datafield ind1="1" ind2="3" tag="246"><subfield code="a">Kensington topics Cheektowaga journal</subfield></datafield><datafield ind1=" " ind2=" " tag="260"><subfield code="a">Kensington Section, Buffalo, N.Y. :</subfield><subfield code="b">Clarence Jones</subfield></datafield><datafield ind1=" " ind2=" " tag="300"><subfield code="a">v.</subfield></datafield><datafield ind1=" " ind2=" " tag="588"><subfield code="a">Description based on: 43rd yr. (Aug. 14, 1968).</subfield></datafield><datafield ind1=" " ind2="4" tag="651"><subfield code="a">Kensington (Buffalo, N.Y.)</subfield><subfield code="v">Newspapers.</subfield></datafield><datafield ind1=" " ind2="4" tag="651"><subfield code="a">Buffalo (N.Y.)</subfield><subfield code="v">Newspapers.</subfield></datafield><datafield ind1=" " ind2="4" tag="651"><subfield code="a">Erie County (N.Y.)</subfield><subfield code="v">Newspapers.</subfield></datafield><datafield ind1=" " ind2=" " tag="752"><subfield code="a">United States</subfield><subfield code="b">New York</subfield><subfield code="c">Erie</subfield><subfield code="d">Kensington.</subfield></datafield><datafield ind1="0" ind2=" " tag="775"><subfield code="t">Cheektowaga journal</subfield></datafield><datafield ind1="1" ind2=" " tag="029"><subfield code="a">AU@</subfield><subfield code="b">000011738100</subfield></datafield></record>